<?xml version="1.0" encoding="UTF-8"?><collection xmlns="http://www.loc.gov/MARC21/slim"><record><leader>00454nam--2200133-i-4500</leader><controlfield tag="001">000014894</controlfield><controlfield tag="002">20161230</controlfield><controlfield tag="005">20161230201031</controlfield><controlfield tag="008">060222s1000------------r-----000-0-eng-d</controlfield><datafield ind1=" " ind2=" " tag="080"><subfield code="a">530.12:531.5</subfield></datafield><datafield ind1=" " ind2=" " tag="100"><subfield code="a">Arzelies, Henri</subfield></datafield><datafield ind1=" " ind2=" " tag="245"><subfield code="a">Relativite genralisee gravitation. fascicule i: principles generaux: equations d einstein. dynamique et optique. reperages non einsteiniens</subfield></datafield><datafield ind1=" " ind2=" " tag="260"><subfield code="a">Paris, Gauthier-villars And C-ie, 1961 Il + 377 P</subfield></datafield><datafield ind1=" " ind2=" " tag="852"><subfield code="a">75836</subfield></datafield></record></collection>